<collection xmlns="http://www.loc.gov/MARC21/slim"><record><leader>00713nam  2200229   450</leader><controlfield tag="001">528</controlfield><controlfield tag="003">http://montalegre.opacnet.com/OPAC/default.aspx?ContentAreaControl=ShowRegHoldings.ascx&amp;RegNo=16662</controlfield><datafield tag="021" ind1=" " ind2=" "><subfield code="a">PT</subfield><subfield code="b">20068/88</subfield></datafield><datafield tag="095" ind1=" " ind2=" "><subfield code="a">PTBN00129891</subfield></datafield><datafield tag="100" ind1=" " ind2=" "><subfield code="a">19880928d1988    m  y0pora010305  ba</subfield></datafield><datafield tag="101" ind1="1" ind2=" "><subfield code="a">por</subfield><subfield code="c">eng</subfield></datafield><datafield tag="102" ind1=" " ind2=" "><subfield code="a">PT</subfield></datafield><datafield tag="200" ind1="1" ind2=" "><subfield code="a">Daisy Miller</subfield><subfield code="f">Henry James</subfield><subfield code="g">trad. Carlos Grifo Babo</subfield></datafield><datafield tag="205" ind1=" " ind2=" "><subfield code="a">2ª ed</subfield></datafield><datafield tag="210" ind1=" " ind2=" "><subfield code="a">Lisboa</subfield><subfield code="c">Presença</subfield><subfield code="d">1988</subfield></datafield><datafield tag="215" ind1=" " ind2=" "><subfield code="a">112 p.</subfield><subfield code="d">21 cm</subfield></datafield><datafield tag="225" ind1="2" ind2=" "><subfield code="a">Aura</subfield><subfield code="v">8</subfield></datafield><datafield tag="675" ind1=" " ind2=" "><subfield code="a">820-31 James, Henry</subfield><subfield code="v">BN</subfield><subfield code="z">por</subfield></datafield><datafield tag="700" ind1=" " ind2="1"><subfield code="a">James</subfield><subfield code="b">Henry</subfield><subfield code="f">1843-1916</subfield></datafield><datafield tag="702" ind1=" " ind2="1"><subfield code="a">Babo</subfield><subfield code="b">Carlos Grifo</subfield><subfield code="f">1919-</subfield><subfield code="4">730</subfield></datafield><datafield tag="801" ind1=" " ind2="0"><subfield code="a">PT</subfield><subfield code="b">Biblioteca Municipal de Montalegre</subfield><subfield code="g">RPC</subfield></datafield><datafield tag="856" ind1=" " ind2=" "><subfield code="u">locateMedia.asp?cod=20060518095246&amp;ext=jpg</subfield><subfield code="z">CAPA</subfield></datafield><datafield tag="909" ind1="&#9;" ind2=" "><subfield code="a">1</subfield></datafield><datafield tag="966" ind1=" " ind2=" "><subfield code="a">0008652</subfield><subfield code="l">BMM</subfield><subfield code="s">SCG 821 JAM dai 8</subfield></datafield></record></collection>